<record><leader>00000cas a2200000 i 4500</leader><controlfield tag="001">959837570</controlfield><controlfield tag="008">161004d18391839nyuwr ne      0    0eng c</controlfield><datafield ind1=" " ind2=" " tag="010"><subfield code="a">  2016258092</subfield></datafield><datafield ind1=" " ind2=" " tag="040"><subfield code="a">SYB</subfield><subfield code="b">eng</subfield><subfield code="e">rda</subfield><subfield code="c">SYB</subfield><subfield code="d">OCLCO</subfield><subfield code="d">OCLCF</subfield></datafield><datafield ind1=" " ind2=" " tag="042"><subfield code="a">pcc</subfield></datafield><datafield ind1=" " ind2=" " tag="043"><subfield code="a">n-us-ny</subfield></datafield><datafield ind1=" " ind2="4" tag="050"><subfield code="a">AN43</subfield><subfield code="b">.PP34</subfield></datafield><datafield ind1="0" ind2="0" tag="245"><subfield code="a">Palmyra Whig.</subfield></datafield><datafield ind1=" " ind2="1" tag="264"><subfield code="a">Palmyra, N.Y. :</subfield><subfield code="b">Wm. N. Cole,</subfield><subfield code="c">1839-1839.</subfield></datafield><datafield ind1=" " ind2=" " tag="300"><subfield code="a">1 volume ;</subfield><subfield code="c">56 cm.</subfield></datafield><datafield ind1=" " ind2=" " tag="310"><subfield code="a">Weekly</subfield></datafield><datafield ind1=" " ind2=" " tag="336"><subfield code="a">text</subfield><subfield code="b">txt</subfield><subfield code="2">rdacontent</subfield></datafield><datafield ind1=" " ind2=" " tag="337"><subfield code="a">unmediated</subfield><subfield code="b">n</subfield><subfield code="2">rdamedia</subfield></datafield><datafield ind1=" " ind2=" " tag="338"><subfield code="a">volume</subfield><subfield code="b">nc</subfield><subfield code="2">rdacarrier</subfield></datafield><datafield ind1="1" ind2=" " tag="362"><subfield code="a">Began with v. 2, no. 1 (Feb. 9, 1839); ceased with v. 2, no. 29 (Aug. 23, 1839).</subfield></datafield><datafield ind1=" " ind2=" " tag="588"><subfield code="a">Description based on: Vol.  II, no. 1 (February 9, 1839); title from caption.</subfield></datafield><datafield ind1=" " ind2=" " tag="588"><subfield code="a">Latest issued consulted: Vol. II, no. 29 (August 23, 1839).</subfield></datafield><datafield ind1=" " ind2="0" tag="651"><subfield code="a">Palmyra (N.Y.)</subfield><subfield code="v">Newspapers.</subfield></datafield><datafield ind1=" " ind2="7" tag="655"><subfield code="a">Newspapers.</subfield><subfield code="2">fast</subfield><subfield code="0">(OCoLC)fst01423814</subfield></datafield><datafield ind1=" " ind2="7" tag="651"><subfield code="a">New York (State)</subfield><subfield code="z">Palmyra.</subfield><subfield code="2">fast</subfield><subfield code="0">(OCoLC)fst01216653</subfield></datafield><datafield ind1=" " ind2=" " tag="752"><subfield code="a">United States</subfield><subfield code="b">New York</subfield><subfield code="c">Wayne</subfield><subfield code="d">Palmyra.</subfield></datafield><datafield ind1="0" ind2="0" tag="780"><subfield code="t">Palmyra Whig and Wayne County advertiser</subfield><subfield code="w">(DLC)  2016258087</subfield><subfield code="w">(OCoLC)959837496</subfield></datafield><datafield ind1="0" ind2="0" tag="785"><subfield code="t">Wayne County Whig (Lyons, N.Y.)</subfield><subfield code="w">(DLC)sn 83031525</subfield><subfield code="w">(OCoLC)9904235</subfield></datafield></record>